@Misc{COFRe,
	title =		"{Comunidad Federada REUNA}",
	url =		{http://cofre.reuna.cl/index.php/en/}
}
@Misc{InCommon,
	title =		"{InCommon: Security, Privacy and Trust for the Research and Education Community}",
	url =		{https://www.incommon.org/}
}
@Misc{CAOM2,
	title =		"{Common Archive Observation Model}",
	url =		{http://www.opencadc.org/caom2/}
}
@DocuShare{LPM-122,
	author =	{Donald Petravick},
	title =		{LSST Information Classification Policy},
	year =		{2015},
	month =		{aug},
	handle =	{LPM-122}
}
